
@ARTICLE{Mckay02,
    author = {{Mckay}, T.~A. and others},
    title = "Galaxy Mass and Luminosity Scaling Laws Determined by Weak
             Gravitational Lensing",
    journal = {Submitted to \apj},
    year = 2002,
    month = mar,
    volume = 0,
    pages = {0--0}
}

@ARTICLE{Blanton01,
    author = {{Blanton}, M.~R. and others},
    title = "{The Luminosity Function of Galaxies in SDSS Commissioning Data}",
    journal = {\aj},
    year = 2001,
    month = may,
    volume = 121,
    pages = {2358--2380},
    url = {http://adsabs.harvard.edu/cgi-bin/nph-bib_query?bibcode=2001AJ....121.2358B&db_key=AST},
    adsnote = {Provided by the NASA Astrophysics Data System}
}

@ARTICLE{Cole01,
    author = {{Cole}, S. and others},
    title = "{The 2dF galaxy redshift survey: near-infrared galaxy luminosity functions}",
    journal = {\mnras},
    year = 2001,
    month = sep,
    volume = 326,
    pages = {255--273},
    url = {http://adsabs.harvard.edu/cgi-bin/nph-bib_query?bibcode=2001MNRAS.326..255C&db_key=AST},
    adsnote = {Provided by the NASA Astrophysics Data System}
}

@ARTICLE{fis00,
    author = {{Fischer}, P. and others},
    title = "{Weak Lensing with Sloan Digital Sky Survey Commissioning Data: The Galaxy-Mass Correlation Function to 1 H<SUP>-1</SUP> Mpc}",
    journal = {\aj},
    year = 2000,
    month = sep,
    volume = 120,
    pages = {1198--1208},
    url = {http://adsabs.harvard.edu/cgi-bin/nph-bib_query?bibcode=2000AJ....120.1198F&db_key=AST},
    adsnote = {Provided by the NASA Astrophysics Data System}
}

@ARTICLE{Escude91,
    author = {{Miralda-Escude}, J.},
    title = "{Gravitational lensing by clusters of galaxies - Constraining the mass distribution}",
    journal = {\apj},
    year = 1991,
    month = mar,
    volume = 370,
    pages = {1--14},
    url = {http://adsabs.harvard.edu/cgi-bin/nph-bib_query?bibcode=1991ApJ...370....1M&db_key=AST},
    adsnote = {Provided by the NASA Astrophysics Data System}
}

@ARTICLE{Landy93,
    author = {{Landy}, S.~D. and {Szalay}, A.~S.},
    title = "{Bias and variance of angular correlation functions}",
    journal = {\apj},
    year = 1993,
    month = jul,
    volume = 412,
    pages = {64--71},
    url = {http://adsabs.harvard.edu/cgi-bin/nph-bib_query?bibcode=1993ApJ...412...64L&db_key=AST},
    adsnote = {Provided by the NASA Astrophysics Data System}
}

