% $Id: sdss.bib,v 1.25 2007/07/27 23:58:13 oyachai Exp $



@ARTICLE{ade07,
   author = {{Adelman-McCarthy}, J.~K. and others},
    title = "{The Fifth Data Release of the Sloan Digital Sky Survey}",
  journal = {\apjs, in press},
     year = 2007,
}

@ARTICLE{cun09a,
   author = {{Cunha}, C.~E. and {Lima}, M. and {Oyaizu}, H. and {Frieman}, J. and 
	{Lin}, H.},
    title = "{Estimating the redshift distribution of photometric galaxy samples - II. Applications and tests of a new method}",
  journal = {\mnras},
archivePrefix = "arXiv",
   eprint = {0810.2991},
 keywords = {galaxies: distances and redshifts , galaxies: statistics , distance scale , large-scale structure of Universe},
     year = 2009,
    month = jul,
   volume = 396,
    pages = {2379-2398},
      doi = {10.1111/j.1365-2966.2009.14908.x},
   adsurl = {http://adsabs.harvard.edu/abs/2009MNRAS.396.2379C},
  adsnote = {Provided by the SAO/NASA Astrophysics Data System}
}
@ARTICLE{cun09b,
   author = {{Cunha}, C.},
    title = "{Cross-calibration of cluster mass observables}",
  journal = {\prd},
archivePrefix = "arXiv",
   eprint = {0812.0583},
     year = 2009,
    month = mar,
   volume = 79,
   number = 6,
    pages = {063009-+},
      doi = {10.1103/PhysRevD.79.063009},
   adsurl = {http://adsabs.harvard.edu/abs/2009PhRvD..79f3009C},
  adsnote = {Provided by the SAO/NASA Astrophysics Data System}
}



@ARTICLE{cun09c,
   author = {{Cunha}, C. and {Huterer}, D. and {Frieman}, J.~A.},
    title = "{Constraining dark energy with clusters: Complementarity with other probes}",
  journal = {\prd},
archivePrefix = "arXiv",
   eprint = {0904.1589},
 keywords = {Dark energy, Galaxy clusters, Dark energy, Galaxy clusters},
     year = 2009,
    month = sep,
   volume = 80,
   number = 6,
    pages = {063532-+},
      doi = {10.1103/PhysRevD.80.063532},
   adsurl = {http://adsabs.harvard.edu/abs/2009PhRvD..80f3532C},
  adsnote = {Provided by the SAO/NASA Astrophysics Data System}
}

@ARTICLE{cun10a,
   author = {{Cunha}, C.~E. and {Evrard}, A.~E.},
    title = "{Sensitivity of galaxy cluster dark energy constraints to halo modeling uncertainties}",
  journal = {\prd},
archivePrefix = "arXiv",
   eprint = {0908.0526},
 primaryClass = "astro-ph.CO",
 keywords = {Dark energy, Galaxy clusters},
     year = 2010,
    month = apr,
   volume = 81,
   number = 8,
    pages = {083509-+},
      doi = {10.1103/PhysRevD.81.083509},
   adsurl = {http://adsabs.harvard.edu/abs/2010PhRvD..81h3509C},
  adsnote = {Provided by the SAO/NASA Astrophysics Data System}
}



@ARTICLE{cun10b,
   author = {{Cunha}, C. and {Huterer}, D. and {Dor{\'e}}, O.},
    title = "{Primordial non-Gaussianity from the covariance of galaxy cluster counts}",
  journal = {\prd},
archivePrefix = "arXiv",
   eprint = {1003.2416},
 primaryClass = "astro-ph.CO",
 keywords = {Observational cosmology, Galaxy clusters},
     year = 2010,
    month = jul,
   volume = 82,
   number = 2,
    pages = {023004-+},
      doi = {10.1103/PhysRevD.82.023004},
   adsurl = {http://adsabs.harvard.edu/abs/2010PhRvD..82b3004C},
  adsnote = {Provided by the SAO/NASA Astrophysics Data System}
}



@INPROCEEDINGS{dep08,
   author = {{DePoy}, D.~L. and others },
    title = "{The Dark Energy Camera (DECam)}",
booktitle = {Society of Photo-Optical Instrumentation Engineers (SPIE) Conference Series},
     year = 2008,
   series = {Society of Photo-Optical Instrumentation Engineers (SPIE) Conference Series},
   volume = 7014,
    month = aug,
      doi = {10.1117/12.789466},
   adsurl = {http://adsabs.harvard.edu/abs/2008SPIE.7014E..13D},
  adsnote = {Provided by the SAO/NASA Astrophysics Data System}
}


@ARTICLE{dil07,
   author = {{Dilday}, B. and others},
   title = "",
   journal = {}, 
   volume = {\rm in preparation}, 
   year = {2007}
}

@ARTICLE{don08,
   author = {{Dong}, F. and {Pierpaoli}, E. and {Gunn}, J.~E. and {Wechsler}, R.~H.
	},
    title = "{Optical Cluster Finding with an Adaptive Matched-Filter Technique: Algorithm and Comparison with Simulations}",
  journal = {\apj},
archivePrefix = "arXiv",
   eprint = {0709.0759},
 keywords = {Cosmology: Theory, Galaxies: Clusters: General, Cosmology: Large-Scale Structure of Universe},
     year = 2008,
    month = apr,
   volume = 676,
    pages = {868-879},
      doi = {10.1086/522490},
   adsurl = {http://adsabs.harvard.edu/abs/2008ApJ...676..868D},
  adsnote = {Provided by the SAO/NASA Astrophysics Data System}
}



 
@ARTICLE{dr6,
   author = {{Adelman-McCarthy}, J.~K. and others},
    title = "{The Sixth Data Release of the Sloan Digital Sky Survey}",
  journal = {in preparation},
     year = 2007,
}


@ARTICLE{eri09,
   author = {{Erickson}, B. and {Cunha}, C., and {Evrard}, A. E.},
   title = "",
   journal = {}, 
   volume = {\rm in preparation}, 
   year = {2009}
}



@ARTICLE{koe07,
   author = {{Koester}, B.~P. and {McKay}, T.~A. and {Annis}, J. and {Wechsler}, R.~H. and 
	{Evrard}, A. and {Bleem}, L. and {Becker}, M. and {Johnston}, D. and 
	{Sheldon}, E. and {Nichol}, R. and {Miller}, C. and {Scranton}, R. and 
	{Bahcall}, N. and {Barentine}, J. and {Brewington}, H. and {Brinkmann}, J. and 
	{Harvanek}, M. and {Kleinman}, S. and {Krzesinski}, J. and {Long}, D. and 
	{Nitta}, A. and {Schneider}, D.~P. and {Sneddin}, S. and {Voges}, W. and 
	{York}, D.},
    title = "{A MaxBCG Catalog of 13,823 Galaxy Clusters from the Sloan Digital Sky Survey}",
  journal = {\apj},
   eprint = {arXiv:astro-ph/0701265},
     year = 2007,
    month = may,
   volume = 660,
    pages = {239-255},
      doi = {10.1086/509599},
   adsurl = {http://adsabs.harvard.edu/abs/2007ApJ...660..239K},
  adsnote = {Provided by the Smithsonian/NASA Astrophysics Data System}
}


@ARTICLE{lim07a,
   author = {{Lima}, M. and {Hu}, W.},
    title = "{Photometric Redshift Requirements for Self-Calibration of Cluster Dark Energy Studies}",
  journal = {ArXiv e-prints},
   eprint = {0709.2871},
     year = 2007,
    month = sep,
   volume = 709,
   adsurl = {http://adsabs.harvard.edu/abs/2007arXiv0709.2871L},
  adsnote = {Provided by the Smithsonian/NASA Astrophysics Data System}
}


@ARTICLE{lim08,
   author = {{Lima}, M. and {Cunha}, C.~E. and {Oyaizu}, H. and {Frieman}, J. and 
	{Lin}, H. and {Sheldon}, E.~S.},
    title = "{Estimating the redshift distribution of photometric galaxy samples}",
  journal = {\mnras},
archivePrefix = "arXiv",
   eprint = {0801.3822},
 keywords = {galaxies: distances and redshifts , galaxies: statistics , distance scale , large-scale structure of Universe},
     year = 2008,
    month = oct,
   volume = 390,
    pages = {118-130},
      doi = {10.1111/j.1365-2966.2008.13510.x},
   adsurl = {http://adsabs.harvard.edu/abs/2008MNRAS.390..118L},
  adsnote = {Provided by the SAO/NASA Astrophysics Data System}
}




@ARTICLE{ma05,
   author = {{Ma}, Zhaoming and {Huterer}, Dragan and {Hu}, W.},
    title = "{Effects of Photometric Redshift Uncertainties On Weak Lensing Tomography}",
  journal = {\apj},
     year = 2005,
    month = may,
   volume = 390,
    pages = {???-???}
}

@ARTICLE{man08,
   author = {{Mandelbaum}, R. and {Seljak}, U. and {Hirata}, C.~M. and {Bardelli}, S. and 
	{Bolzonella}, M. and {Bongiorno}, A. and {Carollo}, M. and {Contini}, T. and 
	{Cunha}, C.~E. and others},
    title = "{Precision photometric redshift calibration for galaxy-galaxy weak lensing}",
  journal = {\mnras},
archivePrefix = "arXiv",
   eprint = {0709.1692},
 keywords = {gravitational lensing , galaxies: distances and redshifts},
     year = 2008,
    month = may,
   volume = 386,
    pages = {781-806},
      doi = {10.1111/j.1365-2966.2008.12947.x},
   adsurl = {http://adsabs.harvard.edu/abs/2008MNRAS.386..781M},
  adsnote = {Provided by the SAO/NASA Astrophysics Data System}
}

@INPROCEEDINGS{oya06,
   author = {{Oyaizu}, H. and {Cunha}, C. and {Lima}, M. and {Lin}, H. and 
	{Frieman}, J.},
    title = "{Photometric Redshifts for the Dark Energy Survey}",
booktitle = {Bulletin of the American Astronomical Society},
     year = 2006,
   series = {Bulletin of the American Astronomical Society},
   volume = 38,
    month = jun,
    pages = {140-+},
   adsurl = {http://adsabs.harvard.edu/abs/2006AAS...208.6003O},
  adsnote = {Provided by the SAO/NASA Astrophysics Data System}
}


@ARTICLE{oya08a,
   author = {{Oyaizu}, H. and {Lima}, M. and {Cunha}, C.~E. and {Lin}, H. and 
	{Frieman}, J. and {Sheldon}, E.~S.},
    title = "{A Galaxy Photometric Redshift Catalog for the Sloan Digital Sky Survey Data Release 6}",
  journal = {\apj},
archivePrefix = "arXiv",
   eprint = {0708.0030},
 keywords = {Catalogs, Cosmology: Distance Scale, Galaxies: Distances and Redshifts, Cosmology: Large-Scale Structure of Universe},
     year = 2008,
    month = feb,
   volume = 674,
    pages = {768-783},
      doi = {10.1086/523666},
   adsurl = {http://adsabs.harvard.edu/abs/2008ApJ...674..768O},
  adsnote = {Provided by the SAO/NASA Astrophysics Data System}
}

@ARTICLE{oya08b,
   author = {{Oyaizu}, H. and {Lima}, M. and {Cunha}, C.~E. and {Lin}, H. and 
	{Frieman}, J.},
    title = "{Photometric Redshift Error Estimators}",
  journal = {\apj},
archivePrefix = "arXiv",
   eprint = {0711.0962},
 keywords = {Galaxies: Distances and Redshifts, Galaxies: Photometry},
     year = 2008,
    month = dec,
   volume = 689,
    pages = {709-720},
      doi = {10.1086/592591},
   adsurl = {http://adsabs.harvard.edu/abs/2008ApJ...689..709O},
  adsnote = {Provided by the SAO/NASA Astrophysics Data System}
}

@ARTICLE{new08,
   author = {{Newman}, J.~A.},
    title = "{Calibrating Redshift Distributions beyond Spectroscopic Limits with Cross-Correlations}",
  journal = {\apj},
archivePrefix = "arXiv",
   eprint = {0805.1409},
 keywords = {Galaxies: Distances and Redshifts, Cosmology: Large-Scale Structure of Universe, Methods: Miscellaneous, Surveys},
     year = 2008,
    month = sep,
   volume = 684,
    pages = {88-101},
      doi = {10.1086/589982},
   adsurl = {http://adsabs.harvard.edu/abs/2008ApJ...684...88N},
  adsnote = {Provided by the SAO/NASA Astrophysics Data System}
}


@ARTICLE{pad05,
   author = {{Padmanabhan}, N. and others},
    title = "{Calibrating photometric redshifts of luminous red galaxies}",
  journal = {\mnras},
   eprint = {arXiv:astro-ph/0407594},
     year = 2005,
    month = may,
   volume = 359,
    pages = {237-250},
      doi = {10.1111/j.1365-2966.2005.08915.x},
   adsurl = {http://adsabs.harvard.edu/abs/2005MNRAS.359..237P},
  adsnote = {Provided by the Smithsonian/NASA Astrophysics Data System}
}

@Article{roz07a,
     author    = "Rozo, Eduardo and Wechsler, Risa H. and Koester, Benjamin
                  P. and Evrard, August E. and McKay, Timothy A.",
     title     = "Optically-Selected Cluster Catalogs as a Precision
                  Cosmology Tool",
     year      = "2007",
     eprint    = "astro-ph/0703574",
     SLACcitation  = "%%CITATION = ASTRO-PH 0703574;%%"
}

@Article{roz07b,
     author    = "Rozo, Eduardo and others",
     title     = "Cosmological Constraints from SDSS maxBCG Cluster
                  Abundances",
     year      = "2007",
     eprint    = "astro-ph/0703571",
     SLACcitation  = "%%CITATION = ASTRO-PH 0703571;%%"
}


@ARTICLE{she99,
   author = {{Sheth}, R.~K. and {Tormen}, G.},
    title = "{Large-scale bias and the peak background split}",
  journal = {\mnras},
   eprint = {arXiv:astro-ph/9901122},
     year = 1999,
    month = sep,
   volume = 308,
    pages = {119-126},
   adsurl = {http://adsabs.harvard.edu/abs/1999MNRAS.308..119S},
  adsnote = {Provided by the Smithsonian/NASA Astrophysics Data System}
}



@ARTICLE{she09,
   author = {{Sheldon}, E.~S. and {Johnston}, D.~E. and {Scranton}, R. and 
	{Koester}, B.~P. and {Mc Kay}, T.~A. and {Oyaizu}, H. and {Cunha}, C. and others
	},
    title = "{Cross-correlation Weak Lensing of SDSS Galaxy Clusters. I. Measurements}",
  journal = {\apj},
archivePrefix = "arXiv",
   eprint = {0709.1153},
 keywords = {dark matter, galaxies: clusters: general, gravitational lensing, large-scale structure of universe },
     year = 2009,
    month = oct,
   volume = 703,
    pages = {2217-2231},
      doi = {10.1088/0004-637X/703/2/2217},
   adsurl = {http://adsabs.harvard.edu/abs/2009ApJ...703.2217S},
  adsnote = {Provided by the SAO/NASA Astrophysics Data System}
}












@ARTICLE{pre74,
   author = {{Press}, W.~H. and {Schechter}, P.},
    title = "{Formation of Galaxies and Clusters of Galaxies by Self-Similar Gravitational Condensation}",
  journal = {\apj},
     year = 1974,
    month = feb,
   volume = 187,
    pages = {425-438},
   adsurl = {http://adsabs.harvard.edu/abs/1974ApJ...187..425P},
  adsnote = {Provided by the Smithsonian/NASA Astrophysics Data System}
}

@misc{dr7vac,
    author = {SDSS},
    title = {SDSS Value Added Catalogs},
    year = 2009,
    howpublished = {\url{http://www.sdss.org/dr7/products/value_added/index.html}} 
} 


